<?xml version="1.0" encoding="UTF-8"?><collection xmlns="http://www.loc.gov/MARC21/slim"><record><leader>00415nam--2200133-i-4500</leader><controlfield tag="001">000024700</controlfield><controlfield tag="002">20161230</controlfield><controlfield tag="005">20161230201035</controlfield><controlfield tag="008">060222s1000------------r-----000-0-eng-d</controlfield><datafield ind1=" " ind2=" " tag="080"><subfield code="a">537.611.45(043)</subfield></datafield><datafield ind1=" " ind2=" " tag="100"><subfield code="a">Jahn, Irmin-rudolf</subfield></datafield><datafield ind1=" " ind2=" " tag="245"><subfield code="a">Verlauf der optischen doppelbrechung bei antiferromagnetischen phasenubergangen. dissertation</subfield></datafield><datafield ind1=" " ind2=" " tag="260"><subfield code="a">Tubingen, Institut Fur Kristallographe, 1971, 40 P</subfield></datafield><datafield ind1=" " ind2=" " tag="852"><subfield code="a">77128</subfield></datafield></record></collection>